
@article{Arbelaez.Maire.ea:PAMI:2011,
  title = {Contour {{Detection}} and {{Hierarchical Image Segmentation}}},
  author = {Arbel{\'a}ez, P. and Maire, M. and Fowlkes, C. and Malik, J.},
  year = {2011},
  month = may,
  volume = {33},
  pages = {898--916},
  issn = {1939-3539},
  doi = {10.1109/TPAMI.2010.161},
  annotation = {PAMI},
  journal = {IEEE Transactions on Pattern Analysis and Machine Intelligence},
  number = {5}
}

@inproceedings{Arbelaez.Maire.ea:PR:2009,
  title = {From Contours to Regions: {{An}} Empirical Evaluation},
  shorttitle = {From Contours to Regions},
  booktitle = {2009 {{IEEE Conference}} on {{Computer Vision}} and {{Pattern Recognition}}},
  author = {Arbelaez, P. and Maire, M. and Fowlkes, C. and Malik, J.},
  year = {2009},
  month = jun,
  pages = {2294--2301},
  doi = {10.1109/CVPR.2009.5206707},
  annotation = {PR}
}

@article{Canny:PAMI:1986,
  title = {A {{Computational Approach}} to {{Edge Detection}}},
  author = {Canny, J.},
  year = {1986},
  month = nov,
  volume = {PAMI-8},
  pages = {679--698},
  issn = {0162-8828},
  doi = {10.1109/TPAMI.1986.4767851},
  annotation = {PAMI},
  journal = {IEEE Transactions on Pattern Analysis and Machine Intelligence},
  number = {6}
}

@inproceedings{Dollar.Tu.ea:BMVC:2009,
  title = {Integral {{Channel Features}}},
  booktitle = {Procedings of the {{British Machine Vision Conference}} 2009},
  author = {Dollar, Piotr and Tu, Zhuowen and Perona, Pietro and Belongie, Serge},
  year = {2009},
  pages = {91.1-91.11},
  publisher = {{British Machine Vision Association}},
  address = {{London}},
  doi = {10.5244/C.23.91},
  annotation = {BMVC},
  isbn = {978-1-901725-39-1},
  language = {en}
}

@inproceedings{Dollar.ZhuowenTu.ea:CVPR:2006,
  title = {Supervised {{Learning}} of {{Edges}} and {{Object Boundaries}}},
  booktitle = {2006 {{IEEE Computer Society Conference}} on {{Computer Vision}} and {{Pattern Recognition}} ({{CVPR}}'06)},
  author = {Dollar, P. and {Zhuowen Tu} and Belongie, S.},
  year = {2006},
  month = jun,
  volume = {2},
  pages = {1964--1971},
  doi = {10.1109/CVPR.2006.298},
  annotation = {CVPR}
}

@inproceedings{Dollar.Zitnick:ICCV:2013,
  title = {Structured {{Forests}} for {{Fast Edge Detection}}},
  booktitle = {2013 {{IEEE International Conference}} on {{Computer Vision}}},
  author = {Doll{\'a}r, P. and Zitnick, C. L.},
  year = {2013},
  month = dec,
  pages = {1841--1848},
  doi = {10.1109/ICCV.2013.231},
  annotation = {ICCV}
}

@article{Dollar.Zitnick:PAMI:2015,
  title = {Fast {{Edge Detection Using Structured Forests}}},
  author = {Doll{\'a}r, P. and Zitnick, C. L.},
  year = {2015},
  month = aug,
  volume = {37},
  pages = {1558--1570},
  issn = {1939-3539},
  doi = {10.1109/TPAMI.2014.2377715},
  annotation = {PAMI},
  journal = {IEEE Transactions on Pattern Analysis and Machine Intelligence},
  number = {8}
}

@inproceedings{Hallman.Fowlkes:CVPR:2015,
  title = {Oriented Edge Forests for Boundary Detection},
  booktitle = {2015 {{IEEE Conference}} on {{Computer Vision}} and {{Pattern Recognition}} ({{CVPR}})},
  author = {Hallman, S. and Fowlkes, C. C.},
  year = {2015},
  month = jun,
  pages = {1732--1740},
  doi = {10.1109/CVPR.2015.7298782},
  annotation = {CVPR}
}

@article{Hueckel:JACM:1971,
  title = {An {{Operator Which Locates Edges}} in {{Digitized Pictures}}},
  author = {Hueckel, Manfred H.},
  year = {1971},
  month = jan,
  volume = {18},
  pages = {113--125},
  issn = {0004-5411},
  doi = {10.1145/321623.321635},
  annotation = {JACM},
  journal = {Journal of the ACM},
  number = {1}
}

@article{JianboShi.Malik:PAMI:2000,
  title = {Normalized Cuts and Image Segmentation},
  author = {{Jianbo Shi} and Malik, J.},
  year = {2000},
  month = aug,
  volume = {22},
  pages = {888--905},
  issn = {1939-3539},
  doi = {10.1109/34.868688},
  annotation = {PAMI},
  journal = {IEEE Transactions on Pattern Analysis and Machine Intelligence},
  number = {8}
}

@inproceedings{Kelm.Rao.ea:CAIP:2019,
  title = {Object {{Contour}} and {{Edge Detection}} with {{RefineContourNet}}},
  booktitle = {Computer {{Analysis}} of {{Images}} and {{Patterns}}},
  author = {Kelm, Andr{\'e} Peter and Rao, Vijesh Soorya and Z{\"o}lzer, Udo},
  editor = {Vento, Mario and Percannella, Gennaro},
  year = {2019},
  pages = {246--258},
  publisher = {{Springer International Publishing}},
  address = {{Cham}},
  doi = {10.1007/978-3-030-29888-3_20},
  annotation = {CAIP},
  isbn = {978-3-030-29888-3},
  language = {en},
  series = {Lecture {{Notes}} in {{Computer Science}}}
}

@inproceedings{Kivinen.Williams.ea:PMLR:2014,
  title = {Visual {{Boundary Prediction}}: {{A Deep Neural Prediction Network}} and {{Quality Dissection}}},
  shorttitle = {Visual {{Boundary Prediction}}},
  booktitle = {Artificial {{Intelligence}} and {{Statistics}}},
  author = {Kivinen, Jyri and Williams, Chris and Heess, Nicolas},
  year = {2014},
  month = apr,
  pages = {512--521},
  publisher = {{PMLR}},
  annotation = {PMLR},
  language = {en}
}

@inproceedings{Leung.Malik:ECCV:1998,
  title = {Contour Continuity in Region Based Image Segmentation},
  booktitle = {Computer {{Vision}} \textemdash{} {{ECCV}}'98},
  author = {Leung, Thomas and Malik, Jitendra},
  editor = {Burkhardt, Hans and Neumann, Bernd},
  year = {1998},
  pages = {544--559},
  publisher = {{Springer}},
  address = {{Berlin, Heidelberg}},
  doi = {10.1007/BFb0055689},
  annotation = {ECCV},
  isbn = {978-3-540-69354-3},
  language = {en},
  series = {Lecture {{Notes}} in {{Computer Science}}}
}

@article{Leung.Malik:IJCV:2001,
  title = {Representing and {{Recognizing}} the {{Visual Appearance}} of {{Materials}} Using {{Three}}-Dimensional {{Textons}}},
  author = {Leung, Thomas and Malik, Jitendra},
  year = {2001},
  month = jun,
  volume = {43},
  pages = {29--44},
  issn = {1573-1405},
  doi = {10.1023/A:1011126920638},
  annotation = {IJCV},
  journal = {International Journal of Computer Vision},
  language = {en},
  number = {1}
}

@inproceedings{Lim.Zitnick.ea:CVPR:2013,
  title = {Sketch {{Tokens}}: {{A Learned Mid}}-Level {{Representation}} for {{Contour}} and {{Object Detection}}},
  shorttitle = {Sketch {{Tokens}}},
  booktitle = {2013 {{IEEE Conference}} on {{Computer Vision}} and {{Pattern Recognition}}},
  author = {Lim, J. J. and Zitnick, C. L. and Doll{\'a}r, P.},
  year = {2013},
  month = jun,
  pages = {3158--3165},
  doi = {10.1109/CVPR.2013.406},
  annotation = {CVPR}
}

@inproceedings{Mairal.Leordeanu.ea:ECCV:2008,
  title = {Discriminative {{Sparse Image Models}} for {{Class}}-{{Specific Edge Detection}} and {{Image Interpretation}}},
  booktitle = {Computer {{Vision}} \textendash{} {{ECCV}} 2008},
  author = {Mairal, Julien and Leordeanu, Marius and Bach, Francis and Hebert, Martial and Ponce, Jean},
  editor = {Forsyth, David and Torr, Philip and Zisserman, Andrew},
  year = {2008},
  pages = {43--56},
  publisher = {{Springer}},
  address = {{Berlin, Heidelberg}},
  doi = {10.1007/978-3-540-88690-7_4},
  annotation = {ECCV},
  isbn = {978-3-540-88690-7},
  language = {en},
  series = {Lecture {{Notes}} in {{Computer Science}}}
}

@inproceedings{Maire.Arbelaez.ea:CVPR:2008,
  title = {Using Contours to Detect and Localize Junctions in Natural Images},
  booktitle = {2008 {{IEEE Conference}} on {{Computer Vision}} and {{Pattern Recognition}}},
  author = {Maire, M. and Arbelaez, P. and Fowlkes, C. and Malik, J.},
  year = {2008},
  month = jun,
  pages = {1--8},
  doi = {10.1109/CVPR.2008.4587420},
  annotation = {CVPR}
}

@incollection{Maitre:Book:2003,
  title = {{La d\'etection des contours dans les images}},
  booktitle = {{Le traitement des images}},
  author = {Ma{\^i}tre, Henri},
  year = {2003},
  month = aug,
  pages = {366 p.},
  publisher = {{Hermes Science Publications}},
  annotation = {Book},
  isbn = {2-7462-0584-X},
  language = {fr},
  series = {{Traitement du signal}}
}

@inproceedings{Malik.Belongie.ea:ICCV:1999,
  title = {Textons, {{Contours}} and {{Regions}}: {{Cue Integration}} in {{Image Segmentation}}},
  shorttitle = {Textons, {{Contours}} and {{Regions}}},
  booktitle = {Proceedings of the {{International Conference}} on {{Computer Vision}}-{{Volume}} 2 - {{Volume}} 2},
  author = {Malik, Jitendra and Belongie, Serge and Shi, Jianbo and Leung, Thomas},
  year = {1999},
  month = sep,
  pages = {918},
  publisher = {{IEEE Computer Society}},
  address = {{USA}},
  annotation = {ICCV},
  isbn = {978-0-7695-0164-2},
  series = {{{ICCV}} '99}
}

@article{Malik.Belongie.ea:IJCV:2001,
  title = {Contour and {{Texture Analysis}} for {{Image Segmentation}}},
  author = {Malik, Jitendra and Belongie, Serge and Leung, Thomas and Shi, Jianbo},
  year = {2001},
  month = jun,
  volume = {43},
  pages = {7--27},
  issn = {1573-1405},
  doi = {10.1023/A:1011174803800},
  annotation = {IJCV},
  journal = {International Journal of Computer Vision},
  language = {en},
  number = {1}
}

@inproceedings{Maninis.Pont-Tuset.ea:ECCV:2016,
  title = {Convolutional {{Oriented Boundaries}}},
  booktitle = {Computer {{Vision}} \textendash{} {{ECCV}} 2016},
  author = {Maninis, Kevis-Kokitsi and {Pont-Tuset}, Jordi and Arbel{\'a}ez, Pablo and Van Gool, Luc},
  editor = {Leibe, Bastian and Matas, Jiri and Sebe, Nicu and Welling, Max},
  year = {2016},
  pages = {580--596},
  publisher = {{Springer International Publishing}},
  address = {{Cham}},
  doi = {10.1007/978-3-319-46448-0_35},
  annotation = {ECCV},
  isbn = {978-3-319-46448-0},
  language = {en},
  series = {Lecture {{Notes}} in {{Computer Science}}}
}

@article{Maninis.Pont-Tuset.ea:PAMI:2018,
  title = {Convolutional {{Oriented Boundaries}}: {{From Image Segmentation}} to {{High}}-{{Level Tasks}}},
  shorttitle = {Convolutional {{Oriented Boundaries}}},
  author = {Maninis, K. and {Pont-Tuset}, J. and Arbel{\'a}ez, P. and Gool, L. Van},
  year = {2018},
  month = apr,
  volume = {40},
  pages = {819--833},
  issn = {1939-3539},
  doi = {10.1109/TPAMI.2017.2700300},
  annotation = {PAMI},
  journal = {IEEE Transactions on Pattern Analysis and Machine Intelligence},
  number = {4}
}

@article{Marr.Hildreth:PRS:1980,
  title = {Theory of Edge Detection},
  author = {Marr, D. and Hildreth, E.},
  year = {1980},
  month = feb,
  volume = {207},
  pages = {187--217},
  issn = {0080-4649, 2053-9193},
  doi = {10.1098/rspb.1980.0020},
  annotation = {PRS},
  copyright = {Scanned images copyright \textcopyright{} 2017, Royal Society},
  journal = {Proc. R. Soc. Lond. B},
  language = {en},
  number = {1167}
}

@inproceedings{Martin.Fowlkes.ea:ICCV:2001,
  title = {A Database of Human Segmented Natural Images and Its Application to Evaluating Segmentation Algorithms and Measuring Ecological Statistics},
  booktitle = {Proceedings {{Eighth IEEE International Conference}} on {{Computer Vision}}. {{ICCV}} 2001},
  author = {Martin, D. and Fowlkes, C. and Tal, D. and Malik, J.},
  year = {2001},
  month = jul,
  volume = {2},
  pages = {416-423 vol.2},
  doi = {10.1109/ICCV.2001.937655},
  annotation = {ICCV}
}

@inproceedings{Martin.Fowlkes.ea:NIPS:2002,
  title = {Learning to Detect Natural Image Boundaries Using Brightness and Texture},
  booktitle = {Proceedings of the 15th {{International Conference}} on {{Neural Information Processing Systems}}},
  author = {Martin, David R. and Fowlkes, Charless C. and Malik, Jitendra},
  year = {2002},
  month = jan,
  pages = {1279--1286},
  publisher = {{MIT Press}},
  address = {{Cambridge, MA, USA}},
  annotation = {NIPS},
  series = {{{NIPS}}'02}
}

@article{Martin.Fowlkes.ea:PAMI:2004,
  title = {Learning to Detect Natural Image Boundaries Using Local Brightness, Color, and Texture Cues},
  author = {Martin, D. R. and Fowlkes, C. C. and Malik, J.},
  year = {2004},
  month = may,
  volume = {26},
  pages = {530--549},
  issn = {1939-3539},
  doi = {10.1109/TPAMI.2004.1273918},
  annotation = {PAMI},
  journal = {IEEE Transactions on Pattern Analysis and Machine Intelligence},
  number = {5}
}

@inproceedings{Meila:LTKM:2003,
  title = {Comparing {{Clusterings}} by the {{Variation}} of {{Information}}},
  booktitle = {Learning {{Theory}} and {{Kernel Machines}}},
  author = {Meil{\u a}, Marina},
  editor = {Sch{\"o}lkopf, Bernhard and Warmuth, Manfred K.},
  year = {2003},
  pages = {173--187},
  publisher = {{Springer}},
  address = {{Berlin, Heidelberg}},
  doi = {10.1007/978-3-540-45167-9_14},
  annotation = {LTKM},
  isbn = {978-3-540-45167-9},
  language = {en},
  series = {Lecture {{Notes}} in {{Computer Science}}}
}

@article{Morrone.Burr.ea:RSL:1988,
  title = {Feature Detection in Human Vision: A Phase-Dependent Energy Model},
  shorttitle = {Feature Detection in Human Vision},
  author = {Morrone, M. C. and Burr, D. C. and Barlow, Horace Basil},
  year = {1988},
  month = dec,
  volume = {235},
  pages = {221--245},
  doi = {10.1098/rspb.1988.0073},
  annotation = {RSL},
  journal = {Proceedings of the Royal Society of London. Series B. Biological Sciences},
  number = {1280}
}

@article{Morrone.Owens:PR:1987,
  title = {Feature Detection from Local Energy},
  author = {Morrone, M. C. and Owens, R. A.},
  year = {1987},
  month = dec,
  volume = {6},
  pages = {303--313},
  issn = {0167-8655},
  doi = {10.1016/0167-8655(87)90013-4},
  annotation = {PR},
  journal = {Pattern Recognition Letters},
  language = {en},
  number = {5}
}

@article{Pont-Tuset.Arbelaez.ea:PAMI:2017,
  title = {Multiscale {{Combinatorial Grouping}} for {{Image Segmentation}} and {{Object Proposal Generation}}},
  author = {{Pont-Tuset}, J. and Arbel{\'a}ez, P. and Barron, J. T. and Marques, F. and Malik, J.},
  year = {2017},
  month = jan,
  volume = {39},
  pages = {128--140},
  issn = {1939-3539},
  doi = {10.1109/TPAMI.2016.2537320},
  annotation = {PAMI},
  journal = {IEEE Transactions on Pattern Analysis and Machine Intelligence},
  number = {1}
}

@article{Prewitt:PPP:1970,
  title = {Object Enhancement and Extraction},
  author = {Prewitt, Judith MS},
  year = {1970},
  volume = {10},
  pages = {15--19},
  annotation = {PPP},
  journal = {Picture processing and Psychopictorics},
  number = {1}
}

@inproceedings{Ren:ECCV:2008,
  title = {Multi-Scale {{Improves Boundary Detection}} in {{Natural Images}}},
  booktitle = {Computer {{Vision}} \textendash{} {{ECCV}} 2008},
  author = {Ren, Xiaofeng},
  editor = {Forsyth, David and Torr, Philip and Zisserman, Andrew},
  year = {2008},
  pages = {533--545},
  publisher = {{Springer}},
  address = {{Berlin, Heidelberg}},
  doi = {10.1007/978-3-540-88690-7_40},
  annotation = {ECCV},
  isbn = {978-3-540-88690-7},
  language = {en},
  series = {Lecture {{Notes}} in {{Computer Science}}}
}

@inproceedings{Ren.Bo:NIPS:2012,
  title = {Discriminatively Trained Sparse Code Gradients for Contour Detection},
  booktitle = {Proceedings of the 25th {{International Conference}} on {{Neural Information Processing Systems}} - {{Volume}} 1},
  author = {Ren, Xiaofeng and Bo, Liefeng},
  year = {2012},
  month = dec,
  pages = {584--592},
  publisher = {{Curran Associates Inc.}},
  address = {{Red Hook, NY, USA}},
  annotation = {NIPS},
  series = {{{NIPS}}'12}
}

@inproceedings{Ren.Malik:ICCV:2003,
  title = {Learning a Classification Model for Segmentation},
  booktitle = {Proceedings {{Ninth IEEE International Conference}} on {{Computer Vision}}},
  author = {Ren, X. and Malik, J.},
  year = {2003},
  month = oct,
  pages = {10-17 vol.1},
  doi = {10.1109/ICCV.2003.1238308},
  annotation = {ICCV}
}

@phdthesis{Roberts:Thesis:1963,
  title = {Machine Perception of Three-Dimensional Solids},
  author = {Roberts, Lawrence G},
  year = {1963},
  annotation = {Thesis},
  school = {Massachusetts Institute of Technology}
}

@inproceedings{Sobel.Feldman:SAIL:1990,
  title = {An {{Isotropic}} 3\texttimes 3 Image Gradient Operator},
  author = {Sobel, I. and Feldman, G.},
  year = {1990},
  doi = {10.13140/RG.2.1.1912.4965},
  annotation = {SAIL}
}

@inproceedings{Unnikrishnan.Pantofaru.ea:CVPR:2005,
  title = {A {{Measure}} for {{Objective Evaluation}} of {{Image Segmentation Algorithms}}},
  booktitle = {2005 {{IEEE Computer Society Conference}} on {{Computer Vision}} and {{Pattern Recognition}} ({{CVPR}}'05) - {{Workshops}}},
  author = {Unnikrishnan, R. and Pantofaru, C. and Hebert, M.},
  year = {2005},
  month = sep,
  pages = {34--34},
  doi = {10.1109/CVPR.2005.390},
  annotation = {CVPR}
}

@article{Viola.Jones:IJCV:2004,
  title = {Robust {{Real}}-{{Time Face Detection}}},
  author = {Viola, Paul and Jones, Michael J.},
  year = {2004},
  month = may,
  volume = {57},
  pages = {137--154},
  issn = {1573-1405},
  doi = {10.1023/B:VISI.0000013087.49260.fb},
  annotation = {IJCV},
  journal = {International Journal of Computer Vision},
  language = {en},
  number = {2}
}

@article{Yuan.Chen.ea:arXiv:1909.11065version:6:2021,
  title = {Segmentation {{Transformer}}: {{Object}}-{{Contextual Representations}} for {{Semantic Segmentation}}},
  shorttitle = {Segmentation {{Transformer}}},
  author = {Yuan, Yuhui and Chen, Xiaokang and Chen, Xilin and Wang, Jingdong},
  year = {2021},
  month = apr,
  archiveprefix = {arXiv},
  eprint = {1909.11065},
  eprinttype = {arxiv},
  journal = {arXiv:1909.11065 [cs]},
  primaryclass = {cs}
}


